% Encoding: UTF-8

@Article{Varghese2012,
  author    = {K. Shiby Varghese and M. C. Pandey and K. Radhakrishna and A. S. Bawa},
  journal   = {Journal of Food Science and Technology},
  title     = {Technology, applications and modelling of ohmic heating: a review},
  year      = {2012},
  month     = {apr},
  number    = {10},
  pages     = {2304--2317},
  volume    = {51},
  doi       = {10.1007/s13197-012-0710-3},
  publisher = {Springer Science and Business Media {LLC}},
}

@Comment{jabref-meta: databaseType:bibtex;}
